%  Bibliography for master thesis

@inproceedings{zaharia2012resilient,
  title={Resilient distributed datasets: A fault-tolerant abstraction for in-memory cluster computing},
  author={Zaharia, Matei and Chowdhury, Mosharaf and Das, Tathagata and Dave, Ankur and Ma, Justin and McCauley, Murphy and Franklin, Michael J and Shenker, Scott and Stoica, Ion},
  booktitle={Proceedings of the 9th USENIX conference on Networked Systems Design and Implementation},
  pages={2--2},
  year={2012},
  organization={USENIX Association}
}

@Misc{oscar,
  author = "{OscaR Team}",
  title = "{O}sca{R}: {S}cala in {O}{R}",
  year = {2012},
  note = {Available from \texttt{https://bitbucket.org/oscarlib/oscar}},
}

@article{mabroukeh2010taxonomy,
  title={A taxonomy of sequential pattern mining algorithms},
  author={Mabroukeh, Nizar R and Ezeife, Christie I},
  journal={ACM Computing Surveys (CSUR)},
  volume={43},
  number={1},
  pages={3},
  year={2010},
  publisher={ACM}
}

@inproceedings{kemmar2015prefix,
  title={PREFIX-PROJECTION global constraint for sequential pattern mining},
  author={Kemmar, Amina and Loudni, Samir and Lebbah, Yahia and Boizumault, Patrice and Charnois, Thierry},
  booktitle={International Conference on Principles and Practice of Constraint Programming},
  pages={226--243},
  year={2015},
  organization={Springer}
}

@inproceedings{kemmar2016global,
  title={A global constraint for mining sequential patterns with gap constraint},
  author={Kemmar, Amina and Loudni, Samir and Lebbah, Yahia and Boizumault, Patrice and Charnois, Thierry},
  booktitle={International Conference on AI and OR Techniques in Constriant Programming for Combinatorial Optimization Problems},
  pages={198--215},
  year={2016},
  organization={Springer}
}

@article{negrevergne2015constraint,
  title={Constraint-based sequence mining using constraint programming},
  author={Negrevergne, Benjamin and Guns, Tias},
  journal={arXiv preprint arXiv:1501.01178},
  year={2015}
}

@article{guns2011itemset,
  title={Itemset mining: A constraint programming perspective},
  author={Guns, Tias and Nijssen, Siegfried and De Raedt, Luc},
  journal={Artificial Intelligence},
  volume={175},
  number={12-13},
  pages={1951--1983},
  year={2011},
  publisher={Elsevier}
}

@inproceedings{aoga2016efficient,
  title={An Efficient Algorithm for Mining Frequent Sequence with Constraint Programming},
  author={Aoga, John OR and Guns, Tias and Schaus, Pierre},
  booktitle={Joint European Conference on Machine Learning and Knowledge Discovery in Databases},
  pages={315--330},
  year={2016},
  organization={Springer}
}

@article{pei2004mining,
  title={Mining sequential patterns by pattern-growth: The prefixspan approach},
  author={Pei, Jian and Han, Jiawei and Mortazavi-Asl, Behzad and Wang, Jianyong and Pinto, Helen and Chen, Qiming and Dayal, Umeshwar and Hsu, Mei-Chun},
  journal={IEEE Transactions on knowledge and data engineering},
  volume={16},
  number={11},
  pages={1424--1440},
  year={2004},
  publisher={IEEE}
}

@inproceedings{han2001prefixspan,
  title={Prefixspan: Mining sequential patterns efficiently by prefix-projected pattern growth},
  author={Han, Jiawei and Pei, Jian and Mortazavi-Asl, Behzad and Pinto, Helen and Chen, Qiming and Dayal, Umeshwar and Hsu, MC},
  booktitle={proceedings of the 17th international conference on data engineering},
  pages={215--224},
  year={2001}
}

@article{yang2007lapin,
  title={LAPIN: effective sequential pattern mining algorithms by last position induction for dense databases},
  author={Yang, Zhenglu and Wang, Yitong and Kitsuregawa, Masaru},
  journal={Advances in Databases: Concepts, Systems and Applications},
  pages={1020--1023},
  year={2007},
  publisher={Springer}
}

@inproceedings{yang2005lapin,
  title={LAPIN-SPAM: An improved algorithm for mining sequential pattern},
  author={Yang, Zhenglu and Kitsuregawa, Masaru},
  booktitle={Data Engineering Workshops, 2005. 21st International Conference on},
  pages={1222--1222},
  year={2005},
  organization={IEEE}
}

@article{bonchi2007extending,
  title={Extending the state-of-the-art of constraint-based pattern discovery},
  author={Bonchi, Francesco and Lucchese, Claudio},
  journal={Data \& Knowledge Engineering},
  volume={60},
  number={2},
  pages={377--399},
  year={2007},
  publisher={Elsevier}
}

@inproceedings{de2008constraint,
  title={Constraint programming for itemset mining},
  author={De Raedt, Luc and Guns, Tias and Nijssen, Siegfried},
  booktitle={Proceedings of the 14th ACM SIGKDD international conference on Knowledge discovery and data mining},
  pages={204--212},
  year={2008},
  organization={ACM}
}

@inproceedings{de2010constraint,
  title={Constraint programming for data mining and machine learning},
  author={De Raedt, Luc and Guns, Tias and Nijssen, Siegfried},
  booktitle={Proceedings of the Twenty-Fourth AAAI Conference on Artificial Intelligence (AAAI-10)},
  pages={1671--1675},
  year={2010}
}

@inproceedings{raedt2007constraint,
  title={Constraint-based pattern set mining},
  author={Raedt, Luc De and Zimmermann, Albrecht},
  booktitle={proceedings of the 2007 SIAM International conference on Data Mining},
  pages={237--248},
  year={2007},
  organization={SIAM}
}

@inproceedings{zaki2000sequence,
  title={Sequence mining in categorical domains: incorporating constraints},
  author={Zaki, Mohammed J},
  booktitle={Proceedings of the ninth international conference on Information and knowledge management},
  pages={422--429},
  year={2000},
  organization={ACM}
}

@inproceedings{agrawal1995mining,
  title={Mining sequential patterns},
  author={Agrawal, Rakesh and Srikant, Ramakrishnan},
  booktitle={Data Engineering, 1995. Proceedings of the Eleventh International Conference on},
  pages={3--14},
  year={1995},
  organization={IEEE}
}

@inproceedings{han2000freespan,
  title={FreeSpan: frequent pattern-projected sequential pattern mining},
  author={Han, Jiawei and Pei, Jian and Mortazavi-Asl, Behzad and Chen, Qiming and Dayal, Umeshwar and Hsu, Mei-Chun},
  booktitle={Proceedings of the sixth ACM SIGKDD international conference on Knowledge discovery and data mining},
  pages={355--359},
  year={2000},
  organization={ACM}
}

@article{srikant1996mining,
  title={Mining sequential patterns: Generalizations and performance improvements},
  author={Srikant, Ramakrishnan and Agrawal, Rakesh},
  journal={Advances in Database Technologyâ€”EDBT'96},
  pages={1--17},
  year={1996},
  publisher={Springer}
}

@article{zhao2003sequential,
  title={Sequential pattern mining: A survey},
  author={Zhao, Qiankun and Bhowmick, Sourav S},
  journal={ITechnical Report CAIS Nayang Technological University Singapore},
  pages={1--26},
  year={2003}
}

@article{zaki2001spade,
  title={SPADE: An efficient algorithm for mining frequent sequences},
  author={Zaki, Mohammed J},
  journal={Machine learning},
  volume={42},
  number={1},
  pages={31--60},
  year={2001},
  publisher={Springer}
}